<record><leader>00000cas a22000007a 4500</leader><controlfield tag="001">11531525</controlfield><controlfield tag="008">841228d19061942hiudn ne      0    0jpnrd</controlfield><datafield ind1=" " ind2=" " tag="010"><subfield code="a">sn 84045376 </subfield></datafield><datafield ind1=" " ind2=" " tag="040"><subfield code="a">HUH</subfield><subfield code="b">eng</subfield><subfield code="c">HUH</subfield><subfield code="d">HWN</subfield><subfield code="d">MGN</subfield><subfield code="d">OCLCQ</subfield><subfield code="d">OCLCF</subfield><subfield code="d">OCLCO</subfield><subfield code="d">OCL</subfield></datafield><datafield ind1="1" ind2=" " tag="029"><subfield code="a">AU@</subfield><subfield code="b">000015723729</subfield></datafield><datafield ind1="0" ind2=" " tag="041"><subfield code="a">jpneng</subfield></datafield><datafield ind1=" " ind2=" " tag="042"><subfield code="a">msc</subfield></datafield><datafield ind1=" " ind2=" " tag="043"><subfield code="a">n-us-hi</subfield></datafield><datafield ind1="0" ind2="0" tag="245"><subfield code="a">Nippu jiji =</subfield><subfield code="b">The Nippu jiji.</subfield></datafield><datafield ind1=" " ind2=" " tag="260"><subfield code="a">Hawai Honoruru-shi :</subfield><subfield code="b">Nippu Jiji Sha,</subfield><subfield code="c">1906-1942.</subfield></datafield><datafield ind1=" " ind2=" " tag="300"><subfield code="a">37 v. :</subfield><subfield code="b">ill.</subfield></datafield><datafield ind1=" " ind2=" " tag="310"><subfield code="a">Daily (except Sun.)</subfield></datafield><datafield ind1="0" ind2=" " tag="362"><subfield code="a">No. 3158 (Nov. 3, 1906)-no. 14,231 (Oct. 31, 1942).</subfield></datafield><datafield ind1=" " ind2=" " tag="500"><subfield code="a">Editor: 1906- Y. Soga.</subfield></datafield><datafield ind1=" " ind2=" " tag="515"><subfield code="a">Not published Dec. 7, 1941; suspended Dec. 11, 1941-Jan. 7, 1942.</subfield></datafield><datafield ind1=" " ind2=" " tag="546"><subfield code="a">In Japanese; issues for 1906-1909?, 1919-1942 include section in English.</subfield></datafield><datafield ind1=" " ind2="0" tag="650"><subfield code="a">Japanese newspapers</subfield><subfield code="z">Hawaii.</subfield></datafield><datafield ind1=" " ind2="7" tag="650"><subfield code="a">Japanese newspapers.</subfield><subfield code="2">fast</subfield><subfield code="0">(OCoLC)fst00981873</subfield></datafield><datafield ind1=" " ind2="7" tag="651"><subfield code="a">Hawaii.</subfield><subfield code="2">fast</subfield><subfield code="0">(OCoLC)fst01208724</subfield></datafield><datafield ind1="1" ind2=" " tag="700"><subfield code="a">Soga, Yasutaro&#772;.</subfield></datafield><datafield ind1=" " ind2=" " tag="752"><subfield code="a">United States</subfield><subfield code="b">Hawaii</subfield><subfield code="c">Honolulu</subfield><subfield code="d">Honolulu.</subfield></datafield><datafield ind1="0" ind2="0" tag="780"><subfield code="t">Yamato shimbun</subfield><subfield code="w">(DLC)sn 84045375</subfield><subfield code="w">(OCoLC)11531522</subfield></datafield><datafield ind1="0" ind2="0" tag="785"><subfield code="t">Hawaii times</subfield><subfield code="w">(DLC)sn 84045377</subfield><subfield code="w">(OCoLC)11531532</subfield></datafield></record>